@book{Rasmussen2006,
author = {C. E. Rasmussen and C. K. I. Williams},
title  = {Gaussian Processes for Machine Learning},
publisher = {MIT Press},
edition = {},
year = {2006}
}

@book{Gharamani2019,
author = {S. Ghahramani},
title  = {Fundamentals of Probability with Stochastic Processes},
publisher = {CRC Press},
edition = {4th},
year = {2019}
}

@book{Murphy2012,
author = {K. P. Murphy},
title  = {Machine Learning: A Probabilistic Perspective},
publisher = {MIT Press},
edition = {},
year = {2012}
}

@book{Gill1991,
author = {P. E. Gill and W. Murray and M. H. Wright},
title  = {Numerical Linear Algebra and Optimization},
publisher = {Addison-Wesley},
edition = {},
year = {1991},
volume = {1}
}

@book{MacKay2003,
  author   = {D. J. C. MacKay},
  title    = {Information Theory, Inference and Learning Algorithms},
  publisher = {Cambridge University Press},
  edition = {},
  year     = {1998},
  volume   = {},
}

@article{MacKay1998,
  author   = {D. J. C. MacKay},
  title    = {Introduction to Gaussian Processes},
  journal  = {Lecture Notes},
  year     = {1998},
  volume   = {},
  number   = {},
  pages    = {1-32},
}

@article{Do2009,
  author   = {C. B. Do},
  title    = {More on Multivariate Gaussians},
  journal  = {Lecture Notes},
  year     = {2009},
  volume   = {},
  number   = {},
  pages    = {1-11},
}

@article{Liu2020,  
author={H. Liu and {Y-S}. Ong and X. Shen and J. Cai},  
journal={IEEE Transactions on Neural Networks and Learning Systems},   
title={When Gaussian Process Meets Big Data: A Review of Scalable GPs},   
year={2020},  
volume={31},  
number={11},  
pages={4405-4423}
}

@inproceedings{Brochu2010,
author = {E. Brochu and T. Brochu and N. {de Freitas}},
title = {A Bayesian Interactive Optimization Approach to Procedural Animation Design},
year = {2010},
publisher = {Eurographics Association},
booktitle = {Proceedings of the 2010 ACM SIGGRAPH, Eurographics Symposium on Computer Animation},
pages = {103–112},
numpages = {10},
location = {Madrid, Spain},
}

@online{Gortler2019,
author = {J. Gortler and R. Kehlbeck and O. Deussen},
title = {A Visual Exploration of Gaussian Processes},
year = {2019},
url = {https://distill.pub/2019/visual-exploration-gaussian-processes},
urldate = {02.01.2023}
}

@online{Freitas2013,
author = {N. {de Freitas}},
title = {Machine Learning},
year = {2013},
url = {https://www.youtube.com/playlist?list=PLE6Wd9FR--EdyJ5lbFl8UuGjecvVw66F6},
urldate = {02.01.2023}
}

@online{Brochu2010Animation,
author = {E. Brochu and T. Brochu and N. {de Freitas}},
title = {A Bayesian Interactive Optimization Approach to Procedural Animation Design},
year = {2010},
url = {https://www.youtube.com/watch?v=AUdW_Kx0u44},
urldate = {02.01.2023}
}

@online{sklearn,
author = {},
title = {Cross-validation: evaluating estimator performance},
year = {2019},
url = {https://scikit-learn.org/stable/modules/cross_validation.html},
urldate = {02.01.2023}
}